@book{crowley-gems,
  author = {Aleister Crowley},
  title = {Gems from the Equinox: Instructions by Aleister Crowley},
  publisher = {Weiser Books},
  year = {2007},
  address = {York Beach, ME},
  note = {Edited by Israel Regardie. Edition/year may vary; update as needed},
}

@book{mccarthy-quareia-v1,
  author = {Josephine McCarthy},
  title = {The Magical Training of Quareia, Volume I: The Apprentice},
  publisher = {Quareia Publishing},
  year = {2015},
  note = {Add edition/ISBN if desired},
}

@book{smith-wealth-1994-ml,
  author = {Adam Smith},
  title = {An Inquiry into the Nature and Causes of the Wealth of Nations},
  year = {1994},
  edition = {Modern Library Edition},
  publisher = {Modern Library},
  address = {New York},
  isbn = {9780679600970},
  note = {Modern Library 1994 edition; ISBN to confirm},
}

@book{darwin-origin-1998-ml,
  author = {Charles Darwin},
  title = {On the Origin of Species},
  year = {1998},
  edition = {Modern Library Paperback Edition},
  publisher = {Modern Library},
  address = {New York},
  isbn = {9780375751462},
  note = {Modern Library 1998 paperback},
}

@misc{comet2025,
  author = {Comet Assistant},
  title = {AI-driven Conversational Research Assistant},
  year = {2025},
  howpublished = {Perplexity},
  url = {https://perplexity.ai},
}

